@String(sigg = "{ACM TOG}")
@String(sigga = "{ACM TOG}")
@String(tog = "{ACM TOG}")
@String(tvcg = "{IEEE TVCG}")
@String(icip = "{IEEE ICIP}")
@String(iccv = "{IEEE ICCV}")
@String(cvpr = "{IEEE CVPR}")
@String(cvprw = "{IEEE CVPRW}")
@String(pami = "{IEEE TPAMI}")
@String(tip = "{IEEE TIP}")
@String(eccv = "{ECCV}")
@String(ijcv = "{IJCV}")
@String(nips = "{NIPS}")
@String(acmmm = "{ACM Multimedia}")
@String(pg = "{Computer Graphics Forum}")

@string(CVPR=		{IEEE Conference on Computer Vision and Pattern Recognition (CVPR)})
@string(ICCV=		{IEEE International Conference on Computer Vision (ICCV)})
@string(NIPS=   {Advances in Neural Information Processing Systems (NIPS)}),
@string(ECCV=		{European Conference on Computer Vision (ECCV)})
@string(BMVC=		{British Machine Vision Conference (BMVC)})



@string(ICASSP=		{IEEE International Conference on Acoustics, Speech, and Signal Processing (ICASSP)})
@string(ICIP	=		{IEEE Conference on Image Processing (ICIP)})
@string(ACMMM	=		{ACM International Conference on Multimedia})
@string(ICME	=		{IEEE International Conference on Multimedia and Expo (ICME)})
@string(ICPR	=		{International Conference on Pattern Recognition (ICPR)})

@string(SPL		=		{IEEE Signal Processing Letters})
@string(IJCV	=		{International Journal of Computer Vision})
@string(PAMI	=		{IEEE Transactions on Pattern Analysis and Machine Intelligence})
@string(PR		=		{Pattern Recognition})
@string(TIP		=		{IEEE Transactions on Image Processing})
@string(CSVT	=		{IEEE Transactions on Circuits and Systems for Video Technology})
@string(VR		=		{Vision Research})
@string(JOV		=		{Journal of Vision})
@string(TMM		=		{IEEE Transactions on Multimedia})



@String(TOG = "{ACM TOG}")
@String(SIGG = "{ACM TOG}")
@String(SIGGA = "{ACM TOG}")
@String(TVCG = "{IEEE TVCG}")
@String(ICIP = "{IEEE ICIP}")
@String(CVPRW = "{IEEE CVPRW}")
@String(TIP = "{IEEE TIP}")
@String(ECCV = "{ECCV}")
@String(IJCV = "{IJCV}")
@String(NIPS = "{NIPS}")
@String(ICCV = "{ICCV}")
@String(CVPR = "{CVPR}")
@string(JOV={J. Vision})
@string(ICPR={ICPR})
@string(BMVC=		{BMVC})

@String(PAMI = "{IEEE TPAMI}")
@string(ACMMM	= {ACM Multimedia})
@String(TSMC = "{IEEE TSMC}")
@string(ICME	=		{IEEE ICME})
@string(ICASSP=		{IEEE ICASSP})
@string(TMM		=		{IEEE TMM})
@string(CSVT	=		{IEEE TCSVT})
------------------------------------------------------------------
@String(sigg = "{ACM TOG}")
@String(sigga = "{ACM TOG}")
@String(tog = "{ACM TOG}")
@String(tvcg = "{IEEE TVCG}")
@String(icip = "{IEEE ICIP}")
@String(iccv = "{IEEE ICCV}")
@String(cvpr = "{IEEE CVPR}")
@String(cvprw = "{IEEE CVPRW}")
@String(pami = "{IEEE TPAMI}")
@String(tip = "{IEEE TIP}")
@String(eccv = "{ECCV}")
@String(ijcv = "{IJCV}")
@String(nips = "{NIPS}")
@String(acmmm = "{ACM Multimedia}")
@String(pg = "{Computer Graphics Forum}")

%object detection
@inproceedings{liu2016ssd,
  title={Ssd: Single shot multibox detector},
  author={Liu, Wei and Anguelov, Dragomir and Erhan, Dumitru and Szegedy, Christian and Reed, Scott and Fu, Cheng-Yang and Berg, Alexander C},
  booktitle=eccv,
  pages={21--37},
  year={2016},
}
@inproceedings{ren2015faster,
  title={Faster r-cnn: Towards real-time object detection with region proposal networks},
  author={Ren, Shaoqing and He, Kaiming and Girshick, Ross and Sun, Jian},
  booktitle={NIPS},
  pages={91--99},
  year={2015}
}
@inproceedings{girshick2015fast,
  title={Fast r-cnn},
  author={Girshick, Ross},
  booktitle={ICCV},
  pages={1440--1448},
  year={2015}
}
%Image recongnition
@inproceedings{he2016deep,
  title={Deep residual learning for image recognition},
  author={He, Kaiming and Zhang, Xiangyu and Ren, Shaoqing and Sun, Jian},
  booktitle=cvpr,
  pages={770--778},
  year={2016}
}
@inproceedings{krizhevsky2012imagenet,
  title={Imagenet classification with deep convolutional neural networks},
  author={Krizhevsky, Alex and Sutskever, Ilya and Hinton, Geoffrey E},
  booktitle=nips,
  pages={1097--1105},
  year={2012}
}
@inproceedings{szegedy2015going,
  title={Going deeper with convolutions},
  author={Szegedy, Christian and Liu, Wei and Jia, Yangqing and Sermanet, Pierre and Reed, Scott and Anguelov, Dragomir and Erhan, Dumitru and Vanhoucke, Vincent and Rabinovich, Andrew},
  booktitle=cvpr,
  pages={1--9},
  year={2015}
}
%semantic segmentation
@inproceedings{long2015fcn,
  title={Fully convolutional networks for semantic segmentation},
  author={Long, Jonathan and Shelhamer, Evan and Darrell, Trevor},
  booktitle=cvpr,
  pages={3431--3440},
  year={2015}
}
@inproceedings{girshick2014rich,
  title={Rich feature hierarchies for accurate object detection and semantic segmentation},
  author={Girshick, Ross and Donahue, Jeff and Darrell, Trevor and Malik, Jitendra},
  booktitle=cvpr,
  pages={580--587},
  year={2014}
}
@inproceedings{pohlen2017full,
  title={Full-Resolution Residual Networks for Semantic Segmentation in Street Scenes},
  author={Pohlen, Tobias and Hermans, Alexander and Mathias, Markus and Leibe, Bastian},
  booktitle=cvpr,
  pages={3309--3318},
  year={2017},
  organization={IEEE}
}
@inproceedings{noh2015learning,
  title={Learning deconvolution network for semantic segmentation},
  author={Noh, Hyeonwoo and Hong, Seunghoon and Han, Bohyung},
  booktitle=iccv,
  pages={1520--1528},
  year={2015}
}
% visual question answering
@inproceedings{malinowski2015ask,
  title={Ask your neurons: A neural-based approach to answering questions about images},
  author={Malinowski, Mateusz and Rohrbach, Marcus and Fritz, Mario},
  booktitle=iccv,
  pages={1--9},
  year={2015}
}
@inproceedings{noh2016image,
  title={Image question answering using convolutional neural network with dynamic parameter prediction},
  author={Noh, Hyeonwoo and Hongsuck Seo, Paul and Han, Bohyung},
  booktitle=cvpr,
  pages={30--38},
  year={2016}
}
%natural language processing
@inproceedings{graves2013speech,
  title={Speech recognition with deep recurrent neural networks},
  author={Graves, Alex and Mohamed, Abdel-rahman and Hinton, Geoffrey},
  booktitle={ICASSP 2013},
  pages={6645--6649},
  year={2013},
}
%
@inproceedings{deng2009imagenet,
  title={Imagenet: A large-scale hierarchical image database},
  author={Deng, Jia and Dong, Wei and Socher, Richard and Li, Li-Jia and Li, Kai and Fei-Fei, Li},
  booktitle=cvpr,
  pages={248--255},
  year={2009},
}
@article{simonyan2014vgg,
  title={Very deep convolutional networks for large-scale image recognition},
  author={Simonyan, Karen and Zisserman, Andrew},
  journal={arXiv},
  year={2014}
}
%Dorefa
@article{zhou2016dorefa,
  title={Dorefa-net: Training low bitwidth convolutional neural networks with low bitwidth gradients},
  author={Zhou, Shuchang and Wu, Yuxin and Ni, Zekun and Zhou, Xinyu and Wen, He and Zou, Yuheng},
  journal={arXiv},
  year={2016}
}
%ReBNet
@inproceedings{ghasemzadeh2018rebnet,
  title={ReBNet: Residual Binarized Neural Network},
  author={Ghasemzadeh, Mohammad and Samragh, Mohammad and Koushanfar, Farinaz},
  booktitle={2018 IEEE 26th Annual International Symposium on Field-Programmable Custom Computing Machines (FCCM)},
  pages={57--64},
  year={2018},
  organization={IEEE}
}
%Binarized
@inproceedings{hubara2016binarized,
  title={Binarized neural networks},
  author={Hubara, Itay and Courbariaux, Matthieu and Soudry, Daniel and El-Yaniv, Ran and Bengio, Yoshua},
  booktitle=nips,
  pages={4107--4115},
  year={2016}
}
@article{han2015deep,
  title={Deep compression: Compressing deep neural networks with pruning, trained quantization and huffman coding},
  author={Han, Song and Mao, Huizi and Dally, William J},
  journal={arXiv},
  year={2015}
}
%Trained ternary quantization
@article{zhu2016trained,
  title={Trained ternary quantization},
  author={Zhu, Chenzhuo and Han, Song and Mao, Huizi and Dally, William J},
  journal={arXiv},
  year={2016}
}
@article{TWNs,
  title={Ternary weight networks},
  author={Fengfu Li, Bo Zhang, and Bin Liu},
  journal={EMDNN},
  year={2016}
}
@inproceedings{rastegari2016xnor,
  title={Xnor-net: Imagenet classification using binary convolutional neural networks},
  author={Rastegari, Mohammad and Ordonez, Vicente and Redmon, Joseph and Farhadi, Ali},
  booktitle=eccv,
  pages={525--542},
  year={2016},
}
@inproceedings{alemdar2017ternary,
  title={Ternary neural networks for resource-efficient AI applications},
  author={Alemdar, Hande and Leroy, Vincent and Prost-Boucle, Adrien and P{\'e}trot, Fr{\'e}d{\'e}ric},
  booktitle={IJCNN},
  pages={2547--2554},
  year={2017},
}
@inproceedings{umuroglu2017finn,
  title={Finn: A framework for fast, scalable binarized neural network inference},
  author={Umuroglu, Yaman and Fraser, Nicholas J and Gambardella, Giulio and Blott, Michaela and Leong, Philip and Jahre, Magnus and Vissers, Kees},
  booktitle={FPGA},
  pages={65--74},
  year={2017},
}
@article{gysel2016hardware,
  title={Hardware-oriented approximation of convolutional neural networks},
  author={Gysel, Philipp and Motamedi, Mohammad and Ghiasi, Soheil},
  journal={arXiv},
  year={2016}
}
@inproceedings{lin2016fixed,
  title={Fixed point quantization of deep convolutional networks},
  author={Lin, Darryl and Talathi, Sachin and Annapureddy, Sreekanth},
  booktitle={ICML},
  pages={2849--2858},
  year={2016}
}

@article{gong2014compressing,
  title={Compressing deep convolutional networks using vector quantization},
  author={Gong, Yunchao and Liu, Liu and Yang, Ming and Bourdev, Lubomir},
  journal={arXiv},
  year={2014}
}
@article{hubara2017quantized,
  title={Quantized neural networks: Training neural networks with low precision weights and activations},
  author={Hubara, Itay and Courbariaux, Matthieu and Soudry, Daniel and El-Yaniv, Ran and Bengio, Yoshua},
  journal={JMLR},
  volume={18},
  number={1},
  pages={6869--6898},
}
@inproceedings{jin2018sparse,
  title={Sparse ternary connect: Convolutional neural networks using ternarized weights with enhanced sparsity},
  author={Jin, Canran and Sun, Heming and Kimura, Shinji},
  booktitle={ASP-DAC},
  pages={190--195},
  year={2018},
}

@article{li2017performance,
  title={Performance Guaranteed Network Acceleration via High-Order Residual Quantization},
  author={Li, Zefan and Ni, Bingbing and Zhang, Wenjun and Yang, Xiaokang and Gao, Wen},
  journal={arXiv},
  year={2017}
}
@inproceedings{qiu2016going,
  title={Going deeper with embedded fpga platform for convolutional neural network},
  author={Qiu, Jiantao and Wang, Jie and Yao, Song and Guo, Kaiyuan and Li, Boxun and Zhou, Erjin and Yu, Jincheng and Tang, Tianqi and Xu, Ningyi and Song, Sen and others},
  booktitle={FPGA},
  pages={26--35},
  year={2016},
}
@inproceedings{TrueNorth1,
  title={Backpropagation for energy-efficient neuromorphic computing},
  author={Esser, Steve K and Appuswamy, Rathinakumar and Merolla, Paul and Arthur, John V and Modha, Dharmendra S},
  booktitle=nips,
  pages={1117--1125},
  year={2015}
}
@article{BitwiseNN,
  title={Bitwise neural networks},
  author={Kim, Minje and Smaragdis, Paris},
  journal={arXiv preprint arXiv:1601.06071},
  year={2016}
}
@inproceedings{Binaryconnect,
  title={Binaryconnect: Training deep neural networks with binary weights during propagations},
  author={Courbariaux, Matthieu and Bengio, Yoshua and David, Jean-Pierre},
  booktitle=nips,
  pages={3123--3131},
  year={2015}
}
@article{Ternaryconnect,
  title={Neural networks with few multiplications},
  author={Lin, Zhouhan and Courbariaux, Matthieu and Memisevic, Roland and Bengio, Yoshua},
  journal={arXiv},
  year={2015}
}
@inproceedings{ioffe2015batch,
  title={Batch Normalization: Accelerating Deep Network Training by Reducing Internal Covariate Shift},
  author={Ioffe, Sergey and Szegedy, Christian},
  booktitle={icml},
  pages={448--456},
  year={2015}
}
%cifarnet
@techreport{krizhevsky2009learning,
  title={Learning multiple layers of features from tiny images},
  author={Krizhevsky, Alex and Hinton, Geoffrey},
  year={2009},
  institution={Citeseer}
}
%Lenet5
@article{lecun1998gradient,
  title={Gradient-based learning applied to document recognition},
  author={LeCun, Yann and Bottou, L{\'e}on and Bengio, Yoshua and Haffner, Patrick},
  journal={Proceedings of the IEEE},
  volume={86},
  number={11},
  pages={2278--2324},
  year={1998},
}
%Bayes
@article{nasrabadi2007pattern,
  title={Pattern recognition and machine learning},
  author={Nasrabadi, Nasser M},
  journal={Journal of electronic imaging},
  volume={16},
  number={4},
  pages={049901, 257-259},
  year={2007},
}
@misc{robert2014machine,
  title={Machine learning, a probabilistic perspective},
  author={Robert, Christian},
  year={2014},
  publisher={Taylor \& Francis}
}

@inproceedings{jia2014caffe,
  title={Caffe: Convolutional architecture for fast feature embedding},
  author={Jia, Yangqing and Shelhamer, Evan and Donahue, Jeff and Karayev, Sergey and Long, Jonathan and Girshick, Ross and Guadarrama, Sergio and Darrell, Trevor},
  booktitle={Proceedings of the 22nd ACM international conference on Multimedia},
  pages={675--678},
  year={2014},
}
